@article{Smithetal2009,
	title = {Origins and evolutionary genomics of the 2009 swine-origin {H1N1} influenza {A} epidemic},
	author = {G. J. D. Smith and D. Vijaykrishna and J. Bahl and S. J. Lycett and M. Worobey and O. G. Pybus and S. K. Ma and C. L. Cheung and J. Raghwani and S. Bhatt and J. S. {Malik Peiris} and Y. Guan and A. Rambaut},
	journal = {Nature},
	year = 2009,
	volume = 459,
	pages = {1122--1126}
}

@article{Suzuki2006,
	title = {Natural Selection on the Influenza Virus Genome},
	author = {Y. Suzuki},
	journal = {Mol. Biol. Evol.},
	volume = {23},
	pages = {1902--1911},
	year = 2006
}

@article{Matrosovichetal2000,
	title = {Early Alterations of the Receptor-Binding Properties of {H1,} {H2,} and {H3} Avian Influenza Virus Hemagglutinins after Their Introduction into Mammals},
	author = {M. Matrosovich and A. Tuzikov and N. Bovin and A. Gambaryan and A. Klimov and M. R. Castrucci and I. Donatelli and Y. Kawaoka},
	journal = {J. Virol.},
	year = 2000,
	volume = 74,
	pages = {8502--8512}
}

@article{Hensleyetal2009,
	author = {S. E. Hensley and S. R. Das and A. L. Bailey and L. M. Schmidt and H. D. Hickman and A. Jayaraman and K. Viswanathan and R. Raman and R. Sasisekharan and J. R. Bennink and J. W. Yewdell},
	title = {Hemagglutinin receptor binding avidity drives influenza {A} virus antigenic drift},
	journal = {Science},
	volume = 326,
	pages = {734--736},
	year = 2009
}

@article{Tamurietal2011,
	title = {Identifying Changes in Selective Constraints: Host Shifts in Influenza},
	author = {A. U. Tamuri and M. {dos Reis} and A. J. Hay and R. A. Goldstein},
	journal = {PLoS Comput. Biol.},
	volume = 5,
	pages = {e1000564},
	year = 2009
}

@article{PybusRambaut2009,
	author = {O. G. Pybus and A. Rambaut},
	title = {Evolutionary analysis of the dynamics of viral infectious disease},
	journal = {Nature Rev. Genet.},
	volume = 10,
	pages = {540--550},
	year = 2009
}

@article{Bhattetal2011,
	author = {S. Bhatt and E. C. Holmes and O. G. Pybus},
	title = {The genomic rate of molecular adaptation of the human influenza {A} virus},
	journal = {Mol. Biol. Evol.},
	volume = 28,
	pages = {2443--2451},
	year = 2011
}

@book{Yang2006,
	author = {Z. Yang},
	title = {Computational Molecular Evolution},
	publisher = {Oxford University Press},
	year = 2006
}

@article{Whittleetal2011,
	author = {Whittle, J. R. R. and  Zhang, R. and  Khurana, S. and  King, L. R. and Manischewitz, J. and  Golding, H. and  Dormitzer, P. R. and  Haynes, B. F. and  Walter, E. B. and  Moody, M. A. and  Kepler, T. B. and  Liao, H. X. and  Harrison, S. C.},  
	title = {Broadly neutralizing human antibody that recognizes the receptor-binding pocket of influenza virus hemagglutinin},
	journal = {Proc. Natl. Acad. Sci. USA},
	volume = 108,
	year = 2011,
	pages = {14216--14221}
}

@article{Fleuryetal1999,
	title = {A complex of influenza hemagglutinin with a neutralizing antibody that binds outside the virus receptor binding site},
	author = {Fleury, D. and  Barrere, B. and  Bizebard, T. and  Daniels, R. S. and  Skehel, J. J. and Knossow, M.},
	journal = {Nat. Struct. Biol.},
	volume = 6,
	pages = {530--534},
	year = 1999
}

@article{MarshGriffiths2005,
	author = {L. Marsh and C. S. Griffiths},
	title = {Protein Structural Influences in Rhodopsin Evolution},
	journal = {Mol. Biol. Evol.},
	year = {2005},
	volume = {22},
	pages = {894--904},
}

@article{Scherreretal2012,
	author = {M. P. Scherrer and A. G. Meyer and C. O. Wilke},
	title = {Modeling coding-sequence evolution within the context of residue solvent accessibility},
	year = 2012,
	journal = {BMC Evol. Biol.},
	volume = 12,
	pages = 179
}

@article{MeyerWilke2012,
	author = {A. G. Meyer and C. O. Wilke},
	title = {Integrating sequence variation and protein structure to identify sites under selection},
	journal = {Mol. Biol. Evol.},
	year = 2012,
	volume = 30,
	pages = {36--44}
}

@article{Meyer2012,
	author = {A. G. Meyer and E. T. Dawson and C. O. Wilke},
	title = {Cross-species comparison of site-specific evolutionary-rate variation in influenza hemagglutinin},
	journal = {Phil. Trans. R. Soc. B},
	year = 2012,
	volume = 368,
	pages = 20120334
}

@article{MuseGaut1994,
	author = {S. V. Muse and B. S. Gaut},
	title = {A likelihood approach for comparing synonymous and nonsynonymous nucleotide substitution rates, with application to the chloroplast genome},
	journal = {Mol. Biol. Evol.},
	volume = 11,
	pages = {715--724},
	year = 1994
}

@article{Ramseyetal2011,
	author = {D. C. Ramsey and M. P. Scherrer and T. Zhou and C. O. Wilke},
	year = 2011,
	title = {The relationship between relative solvent accessibility and evolutionary rate in protein evolution},
	journal = {Genetics},
	volume = 188,
	pages = {479--488}
}

@article{Bermanetal2000,
	author = {H. M. Berman and J. Westbrook and Z. Feng and G. Gilliland and T. N. Bhat and H. Wessig and I. N. Shindyalov and P. E. Bourne},
	title = {The {P}rotein {D}ata {B}ank},
	journal = {Nucleic Acids Res.},
	year = {2000},
	volume = {28},
	pages = {235--242}
}

@article{Berman2008,
	author = {H. M. Berman},
	title = {The {P}rotein {D}ata {B}ank: a historical perspective},
	journal = {Acta Crystallographica Section A: Foundations of Crystallography},
	year = {2008},
	volume = {A64},
	pages = {88--95}
}

@article{Bushetal1999,
	author = {R. M. Bush and C. A. Bender and K. Subbarao and N. J. Cox and W. M. Fitch},
	title = {Predicting the evolution of human influenza {A}},
	journal = {Science},
	volume = 286,
	year = 1999,
	pages = {1921--1925}
}

@article{Bloometal2006,
	author = {J. D. Bloom and D. A. Drummond and F. H. Arnold and C. O. Wilke},
	title = {Structural determinants of the rate of protein evolution in yeast},
	journal = {Mol. Biol. Evol.},
	year = {2006},
	volume = {23},
	pages = {1751--1761}
}

@article{Budovskayaetal2005,
	author = {Y. V. Budovskaya and J. S. Stephan and S. J. Deminoff and P. K. Herman},
	title = {An evolutionary proteomics approach identifies substrates of the c{AMP}-dependent protein kinase},
	journal = {Proc. Natl. Acad. Sci. USA},
	year = {2005},
	volume = {102},
	pages = {13933--13938}
}

@article{Bustamanteetal2000,
	author = {C. D. Bustamante and J. P. Townsend and D. L. Hartl},
	title = {Solvent Accessibility and Purifying Selection Within Proteins of \emph{Escherichia coli} and \emph{Salmonella enterica}},
	journal = {Mol. Biol. Evol.},
	year = {2000},
	volume = {17},
	pages = {301--308}
}

@article{FranzosaXia2009,
	author = {E. A. Franzosa and Y. Xia},
	title = {Structural Determinants of Protein Evolution Are Context-Sensitive at the Residue Level},
	journal = {Mol. Biol. Evol.},
	year = {2009},
	volume = {26},
	pages = {2387--2395}
}

@article{IhakaGentleman1996,
	author = {R. Ihaka and R. Gentleman},
	title = {R: a language for data analysis and graphics},
	journal = {Journal of Computational and Graphical Statistics},
	year = {1996},
	volume = {5},
	pages = {299--314}
}

@article{KabschSander1983,
	author = {W. Kabsch and C. Sander},
	title = {Dictionary of protein secondary structure: pattern recognition of hydrogen-bonded and geometrical features},
	journal = {Biopolymers},
	year = {1983},
	volume = {22},
	pages = {2577--2637}
}

@article{KosakovskyPondetal2005,
	author = {S. L. {Kosakovsky Pond} and S. D. W. Frost and S. V. Muse},
	title = {{HyPhy}: hypothesis testing using phylogenetics},
	journal = {Bioinformatics},
	year = {2005},
	volume = {21},
	pages = {676--679}
}

@article{Grahnen2011,
	author = {J. A. Grahnen and P. Nandakumar and J. Kubelka and D. A. Liberles},
	title = {Biophysical and structural considerations for protein sequence evolution},
	journal = {BMC Evol. Biol.},
	year = {2011},
	volume = {11},
	pages = {2455--2464}
}

@article{RaxMLHPC,
	author = {A. Stamatakis},
	title = {{RAxML-VI-HPC:} maximum likelihood-based phylogenetic analyses with thousands of taxa and mixed models},
	journal = {Bioinformatics},
	year = {2006},
	volume = {22},
	pages = {2688--2690}
}

@article{IRD,
     author = {Squires, R. B. and Noronha, J. and Hunt, V. and Garc\'\i{}a-Sastre, A. and Macken, C. and Baumgarth, N. and Suarez, D. and Pickett, B. E. and Zhang, Y. and Larsen, C. N. and Ramsey, A. and Zhou, L. and Zaremba, S. and Kumar, S. and Deitrich, J. and Klem, E. and Scheuermann, R. H.},
    title = {Influenza Research Database: an integrated bioinformatics resource for influenza research and surveillance},
    journal = {Influenza and Other Respiratory Viruses},
    note = {DOI:10.1111/j.1750-2659.2011.00331.x},
    year = {2012},
}

@unpublished{PyMOL,
	Annote = {PyMOL The PyMOL Molecular Graphics System, Version 1.3, Schr{\"o}dinger, LLC.},
	Author = {{Schr\"odinger, LLC}},
	Date-Added = {2010-08-19 17:29:55 -0400},
	Date-Modified = {2010-08-19 18:08:54 -0400},
	Month = {August},
	Title = {The {PyMOL} Molecular Graphics System, Version~1.3r1},
	Year = {2010}
}

@article{Daniels1983,
	author = {R. S. Daniels and A. R. Douglas and J. J. Skehel and D. C. Wiley},
	title = {Analyses of the antigenicity of influenza haemagglutinin at the pH optimum for virus-mediate membrane fusion},
	journal = {J. gen. Virol.},
	year = {1983},
	volume = {64},
	pages = {1657--1662}
}

@article{Luksza2014,
	author = {M. Luksza and M. Lassig},
	title = {A predictive fitness model for influenza evolution},
	journal = {Nature},
	year = {2014},
	volume = {507},
	pages = {57--61}
}

@article{Xu2013,
	author = {R. Xu and J. C. Krause and R. McBride and J. C. Paulson and J. E. Crowe and I. A. Wilson},
	title = {A recurring motif for antibody recognition of the receptor-binding site of influenza hemagglutinin},
	journal = {Nat. Struct. Mol. Biol.},
	year = {2013},
	volume = {20},
	pages = {363--369}
}

@article{Wiley1987,
	author = {D. C. Wiley and J. J. Skehel},
	title = {The structure and function of the hemagglutinin membrane glycoprotein of influenza virus},
	journal = {Ann. Rev. Biochem.},
	year = {1987},
	volume = {56},
	pages = {365--394}
}

@article{Wiley1981,
	author = {D. C. Wiley and J. J. Skehel},
	title = {Structural identification of the antibody-binding sites of {Hong Kong} influenza haemagglutinin and their involvement in antigenic variation},
	journal = {Nature},
	year = {1981},
	volume = {289},
	pages = {373--378}
}

@article{Koelle2006,
	author = {K. Koelle and S. Cobey and B. Grenfell and M. Pascual},
	title = {Epochal evolution shapes the phylodynamics of interpandemic influenza A {(H3N2)} in humans},
	journal = {Science},
	year = {2006},
	volume = {314},
	pages = {1898--1903}
}

@article{Plotkin2002,
	author = {J. B. Plotkin and J. Dushoff and S. A. Levin},
	title = {Hemagglutinin sequence clusters and the antigenic evolution of influenza A virus},
	journal = {PNAS},
	year = {2002},
	volume = {99},
	pages = {6263--6268}
}

@article{Wolf2006,
	author = {Y. I. Wolf and C. Viboud and E. C. Holmes and E. V. Koonin and D. J. Lipman},
	title = {Long intervals of stasis punctuated by burst of positive selection in the seasonal evolution of influenza A virus},
	journal = {Biology Direct},
	year = {2006},
	volume = {1},
	pages = {34}
}

@article{Vijay2011,
	author = {D. Vijaykrishna and G. J. D. Smith and O. G. Pybus and H. Zhu and S. Bhatt and L. L. M. Poon and S. Riley and J. Bahl and S. K. Ma and C. L. Cheung and R. A. P. M. Perera and H. Chen and K. F. Shortridge and R. J. Webby and R. G. Webster and Y. Guan and J. S. M. Peiris},
	title = {Long-term evolution and transmission dynamics of swine influenza A virus},
	journal = {Nature},
	year = {2011},
	volume = {1473},
	pages = {519--522}
}

@article{Smith2004,
	author = {D. J. Smith and A. S. Lapedes and J. C. {de Jong} and T. M. Bestebroer and G. F. Rimmelzwaan and A. D. M. E. Osterhaus and R. A. M. Fouchier},
	title = {Mapping the antigenic and genectic evolution of influenza virus},
	journal = {Science},
	year = {2004},
	volume = {205},
	pages = {371--375}
}

@article{Bui2007,
	author = {H. Bui and B. Peters and E. Assarsson and I. Mbawuike and A. Sette},
	title = {Ab and T cell epitopes of influenza A virus, knowledge and oppurtunities},
	journal = {PNAS},
	year = {2007},
	volume = {104},
	pages = {246--251}
}

@article{BushMBE1999,
	author = {R. M. Bush and W. M. Fitch and C. A. Bender and N. J. Cox},
	title = {Positive selection on the H3 hemagglutinin gene of human influenza virus A},
	journal = {Mol. Biol. Evol.},
	year = {1999},
	volume = {16},
	pages = {1457--1465}
}

@article{Shih2007,
	author = {A. C. Shih and T. Hsiao and M. Ho and W. Li},
	title = {Simultaneous amino acid substitutions at antigenic sites drive influenza A hemagglutinin evolution},
	journal = {PNAS},
	year = {2007},
	volume = {104},
	pages = {6283--6288}
}

@article{Koel2013,
	author = {B. F. Koel and D. F. Burke and T. M. Bestebroer and S. {van der Vliet} and G. C. M. Zondag and G. Vervaet and E. Skepner and N. S. Lewis and M. I. J. Spronken and C. A. Russell and M. Y. Eropkin and A. C. Hurt and I. G. Barr and J. D. {de Jong} and G. F. Rimmelzwaan and A. D. M. E. Osterhaus and R. A. M. Fouchier and D. J. Smith},
	title = {Substitutions near the receptor binding site determine major antigenic change during influenza virus evolution},
	journal = {Science},
	year = {2013},
	volume = {342},
	pages = {976--979}
}

@article{Skehel2000,
	author = {J. J. Skehel and D. C. Wiley},
	title = {Receptor binding and membrane fusion in virus entry: the influenza hemagglutinin},
	journal = {Ann. Rev. Biochem.},
	year = {2000},
	volume = {69},
	pages = {531--569}
}

@article{Bhatt2013,
	author = {S. Bhatt and T. T. Lam and S. J. Lycett and A. J. L. Brown and T. A. Bowden and E. C. Holmes and Y. Guan and J. L. N. Wood and I. H. Brown and P. Kellam and O. G. Pybus},
	title = {The evolutionary dynamics and influenza {A} virus adaptation to mammalian host},
	journal = {Phil. Trans. R. Soc. B},
	year = {2013},
	volume = {368},
	pages = {20120382}
}

@article{Pan2011,
	author = {K. Pan and M. W. Deem},
	title = {Quantifying selection and diversity in viruses by entropy methods, with application to the haemagglutinin of H3N2 influenza},
	journal = {J. Roy. Soc. Interface},
	year = {2011},
	volume = {8},
	pages = {1644–-1653}
}

@article{IEDB,
	author = {R. Vita and L. Zarebski and J. A. Greenbaum and H. Emami and I. Hoof and N. Salimi and R. Damle and A. Sette and B. Peters},
	title = {The immune epitope database 2.0},
	journal = {Nucleic Acids Res.},
	year = {2010},
	volume = {38},
	pages = {D854--62}
}

@article{FTT2,
	author = {M. N. Price and P. S. Dehal and A. P. Arkin},
	title = {FastTree 2 -- approximately maximum-likelihood trees for large alignments},
	journal = {PLOS ONE},
	year = {2009},
	volume = {5},
	pages = {e9490}
}

@article{MAFFT,
	author = {K. Katoh and D. M. Standley},
	title = {MAFFT multiple sequence alignment software version 7: improvements in performance and usability},
	journal = {Mol. Biol. Evol.},
	year = {2013},
	volume = {30},
	pages = {772--780}
}